@Comment https://www.semanticscholar.org/paper/FELICS-Fair-Evaluation-of-Lightweight-Cryptographic-Dinu-Biryukov/980fef72a502338685c6b4ad2aedf424b7560691
@misc{FELICS-2015,
  title={FELICS - Fair Evaluation of Lightweight Cryptographic Systems},
  author={Dumitru-Daniel Dinu and Alex Biryukov and Johann Groszschaedl and Dmitry Khovratovich and Yann Le Corre and L{\'e}o Paul Perrin},
  year={2015}
}
