@Comment https://www.semanticscholar.org/paper/FELICS-Fair-Evaluation-of-Lightweight-Cryptographic-Dinu-Biryukov/980fef72a502338685c6b4ad2aedf424b7560691
@misc{FELICS:paper,
    key = {{FELICS} paper},
    title = {{FELICS - Fair Evaluation of LIghtweight Cryptographic Systems}},
    author = {Dumitru-Daniel Dinu and Alex Biryukov and Johann Groszschaedl and Dmitry Khovratovich and Yann Le Corre and L{\'e}o Paul Perrin},
    year = {2015}
}

@misc{FELICS:wiki,
    key = {{FELICS} wiki},
    title = {{Fair Evaluation of LIghtweight Cryptographic Systems}},
    howpublished = {\url{https://www.cryptolux.org/index.php/FELICS}},
    note = {Accessed: 2019-07-24}
}

@misc{CAESAR:submissions,
    key = {{CAESAR} submissions history},
    title = {{Crypto competitions: CAESAR submissions}},
    howpublished = {\url{https://competitions.cr.yp.to/caesar-submissions.html}},
    note = {Accessed: 2019-07-23}
}

@misc{CAESAR:call,
    key = {{CAESAR} call for submissions},
    title = {{Crypto competitions: CAESAR call for submissions}},
    howpublished = {\url{https://competitions.cr.yp.to/caesar-call.html}},
    note = {Accessed: 2019-07-24}
}

@misc{NIST:LWC,
    key = {{NIST LWC}},
    title = {{Lightweight Cryptography | CSRC}},
    howpublished = {\url{https://csrc.nist.gov/Projects/Lightweight-Cryptography}},
    note = {Accessed: 2019-07-23}
}

@misc{NIST:LWC-requirements,
    key = {{NIST} submission requirements},
    title = {Submission Requirements and Evaluation Criteria for the Lightweight Cryptography Standardization Process},
    howpublished = {\url{https://csrc.nist.gov/CSRC/media/Projects/Lightweight-Cryptography/documents/final-lwc-submission-requirements-august2018.pdf}},
    note = {Accessed: 2019-07-24}
}

@article{NIST:Lilliput-AE,
    title = {{\textsc{Lilliput-AE}: a New Lightweight Tweakable Block Cipher for Authenticated Encryption with Associated Data}},
    author = {Alexandre Adomnicai and Thierry P. Berger and Christophe Clavier and Julien Francq and Paul Huynh and Virginie Lallemand and Kévin Le Gouguec and Marine Minier and Léo Reynaud and Gaël Thomas},
    journal = {NIST LWC Standardization Process Round 1 Candidates},
    howpublished = {\url{https://csrc.nist.gov/Projects/Lightweight-Cryptography/Round-1-Candidates}}
}

@inproceedings{Rogaway:AEAD,
 author = {Rogaway, Phillip},
 title = {Authenticated-encryption with Associated-data},
 booktitle = {Proceedings of the 9th ACM Conference on Computer and Communications Security},
 series = {CCS '02},
 year = {2002},
 isbn = {1-58113-612-9},
 location = {Washington, DC, USA},
 pages = {98--107},
 numpages = {10},
 url = {http://doi.acm.org/10.1145/586110.586125},
 doi = {10.1145/586110.586125},
 acmid = {586125},
 publisher = {ACM},
 address = {New York, NY, USA},
 keywords = {OCB, associated-data problem, authenticated-encryption, block-cipher usage, key separation, modes of operation},
}

